@article{paper,
  author = {Thirapiroon Thongkamwitoon and Student Member and IEEE and Hani Muammar and Member and IEEE and
and Pier-Luigi Dragottiand Senior Member and IEEE},
  title = {Compressed Sensing},
  journal = {IEEE TRANSACTIONS ON INFORMATION FORENSICS AND SECURITY},
  volume = {10},
  number = {5},
  pages = {1289-1306},
  month = {MAY},
  year = {2015}
}

@misc{database,
  title = {Recapture Image Database},
  howpublished = {http://www.commsp.ee.ic.ac.uk/~pld/research/Rewind/Recaptured/},
  note = {Accessed Gen. 12, 2022}
}

@inbook{bluriness,
    author = {Thirapiroon Thongkamwitoon and Student Member and IEEE and Hani Muammar and Member and IEEE and
and Pier-Luigi Dragottiand Senior Member and IEEE},
    title = "Compressed Sensing",
    publisher = "IEEE",
    year = "2015",
    chapter = "II",
    keywords  = "Blurriness"
}

@inbook{omp,
    author = {Thirapiroon Thongkamwitoon and Student Member and IEEE and Hani Muammar and Member and IEEE and
and Pier-Luigi Dragottiand Senior Member and IEEE},
    title = "Compressed Sensing",
    publisher = "IEEE",
    year = "2015",
    chapter = "IV-C",
    keywords  = "Orthogonal Matching Pursuit"
}

@inbook{qi,
    author = {Thirapiroon Thongkamwitoon and Student Member and IEEE and Hani Muammar and Member and IEEE and
and Pier-Luigi Dragottiand Senior Member and IEEE},
    title = "Compressed Sensing",
    publisher = "IEEE",
    year = "2015",
    chapter = "IV-B, IV-D",
    keywords  = "Orthogonal Matching Pursuit"
}

@inbook{result,
    author = {Thirapiroon Thongkamwitoon and Student Member and IEEE and Hani Muammar and Member and IEEE and
and Pier-Luigi Dragottiand Senior Member and IEEE},
    title = "Compressed Sensing",
    publisher = "IEEE",
    year = "2015",
    chapter = "VI-B",
    keywords  = "Orthogonal Matching Pursuit"
}

@article{esf,
  author = {I. A. Cunningham and A. Fenster},
  title = {A method for modulation transfer function determination from edge profiles with correction for finite element differentiation},
  journal = {Med. Phys},
  volume = {14},
  number = {4},
  pages = {533-537},
  year = {1987}
}